@manual{ci,
    author = "Texas Instruments",
    title = "{SNx4HC595 8-Bit Shift Registers With 3-State Output Registers}",
    pages = "1--38",
    year = "2015",
    DOI = "https://www.ti.com/lit/ds/symlink/sn74hc595.pdf?ts=1618691507665&ref_url=https%253A%252F%252Fwww.ti.com%252Fproduct%252FSN74HC595",
    keywords = "ci,integrado,74HC595"
}

@manual{arduino,
    title = {Language Reference},
    author = {Arduino},
    year = {2021},
    DOI = "https://www.arduino.cc/reference/en/",
    keywords = {arduino,serial,digital}
}